@article{these_peres,
url = "http://www.theses.fr/2013OBSP0221",
title = "Transport de neutrinos dans les supernovas gravitationnelles",
author = "Peres, Bruno",
year = "2013",
pages = "1 vol. (207 p.)",
note = "Thèse de doctorat dirigée par Novak, Jérôme et Oertel, Micaela Astronomie et astrophysique Observatoire de Paris 2013",
}


@ARTICLE{bruenn,
   author = {{Bruenn}, S.~W.},
    title = "{Stellar core collapse - Numerical model and infall epoch}",
  journal = {Astr.J},
 keywords = {Gravitational Collapse, Stellar Cores, Stellar Models, Computational Astrophysics, Density Distribution, Entropy, Equations Of State, Hydrodynamic Equations, Neutrinos, Particle Interactions, Radiation Transport},
     year = 1985,
    month = aug,
   volume = 58,
    pages = {771-841},
      doi = {10.1086/191056},
   adsurl = {http://adsabs.harvard.edu/abs/1985ApJS...58..771B},
  adsnote = {Provided by the SAO/NASA Astrophysics Data System}
}


